<record><leader>00000cas a22000007a 4500</leader><controlfield tag="001">19104922</controlfield><controlfield tag="008">890206d19711972ohuwr ne      0    0eng d</controlfield><datafield ind1=" " ind2=" " tag="010"><subfield code="a">sn 89075017 </subfield></datafield><datafield ind1=" " ind2=" " tag="040"><subfield code="a">ONP</subfield><subfield code="b">eng</subfield><subfield code="c">ONP</subfield><subfield code="d">OCLCQ</subfield></datafield><datafield ind1=" " ind2=" " tag="042"><subfield code="a">msc</subfield></datafield><datafield ind1="0" ind2="4" tag="245"><subfield code="a">The Bloomville gazette and the Republic reporter.</subfield></datafield><datafield ind1="3" ind2="0" tag="246"><subfield code="a">Gazette-reporter</subfield></datafield><datafield ind1=" " ind2=" " tag="260"><subfield code="a">Bloomville, Ohio :</subfield><subfield code="b">Community Newspapers, Inc.,</subfield><subfield code="c">1971-1972.</subfield></datafield><datafield ind1=" " ind2=" " tag="310"><subfield code="a">Weekly</subfield></datafield><datafield ind1="0" ind2=" " tag="362"><subfield code="a">Vol. 72, no. 41 (Dec. 9, 1971)-v. 1, no. 13 (Mar. 2, 1972).</subfield></datafield><datafield ind1=" " ind2=" " tag="500"><subfield code="a">Published as: Gazette-reporter, Dec. 16, 1971-Mar. 2, 1972.</subfield></datafield><datafield ind1=" " ind2=" " tag="752"><subfield code="a">United States</subfield><subfield code="b">Ohio</subfield><subfield code="c">Seneca</subfield><subfield code="d">Bloomville.</subfield></datafield><datafield ind1="0" ind2="4" tag="780"><subfield code="t">Bloomville gazette (Bloomville, Ohio : 1900)</subfield><subfield code="w">(DLC)sn 84005226</subfield></datafield><datafield ind1="0" ind2="4" tag="780"><subfield code="t">Republic reporter (Republic, Ohio : 1910)</subfield><subfield code="w">(DLC)sn 87076801</subfield></datafield><datafield ind1="0" ind2="6" tag="785"><subfield code="t">Bloomville gazette (Bloomville, Ohio : 1972)</subfield><subfield code="w">(DLC)sn 89075018</subfield></datafield><datafield ind1="0" ind2="6" tag="785"><subfield code="t">Republic reporter (Republic, Ohio : 1972)</subfield><subfield code="w">(DLC)sn 89075019</subfield></datafield></record>